<?xml version="1.0" encoding="UTF-8"?><collection xmlns="http://www.loc.gov/MARC21/slim"><record><leader>00376nam--2200145-i-4500</leader><controlfield tag="001">000046090</controlfield><controlfield tag="002">20161230</controlfield><controlfield tag="005">20161230201045</controlfield><controlfield tag="008">060222s1000------------r-----000-0-eng-d</controlfield><datafield ind1=" " ind2=" " tag="080"><subfield code="a">002</subfield></datafield><datafield ind1=" " ind2=" " tag="100"><subfield code="a">Van Elstraete, Roger</subfield></datafield><datafield ind1=" " ind2=" " tag="245"><subfield code="a">L`informatique dans la grande entreprise</subfield></datafield><datafield ind1=" " ind2=" " tag="260"><subfield code="a">Paris, Dunod, 1970, 118p</subfield></datafield><datafield ind1=" " ind2=" " tag="490"><subfield code="a">Collection La Vie De L`Entreprise</subfield></datafield><datafield ind1=" " ind2=" " tag="852"><subfield code="a">33731</subfield></datafield></record></collection>